@misc{rice_edit_dist,
  title = {{Edit Distance Algorithms}},
  howpublished = {\url{https://www.clear.rice.edu/comp130/12spring/editdist/}},
  note = {Accessed: 2019-02-19}
}

@misc{icfhr_competition,
  title = {{ICFHR 2014 Competition on Handwritten Digit String Recognition in Challenging Datasets}},
  howpublished = {\url{http://www.orand.cl/en/icfhr2014-hdsr/\#datasets}},
  note = {Accessed: 2019-02-19}
}

@article{zhan2017,
  author    = {Hongjian Zhan and
               Qingqing Wang and
               Yue Lu},
  title     = {Handwritten digit string recognition by combination of residual network
               and {RNN-CTC}},
  journal   = {CoRR},
  volume    = {abs/1710.03112},
  year      = {2017},
  url       = {http://arxiv.org/abs/1710.03112},
  archivePrefix = {arXiv},
  eprint    = {1710.03112},
  timestamp = {Mon, 13 Aug 2018 16:48:05 +0200},
  biburl    = {https://dblp.org/rec/bib/journals/corr/abs-1710-03112},
  bibsource = {dblp computer science bibliography, https://dblp.org}
}